@incollection{HUTCHINS1995431,
title = "Machine Translation: A Brief History",
editor = "E.F.K. KOERNER and R.E. ASHER",
booktitle = "Concise History of the Language Sciences",
publisher = "Pergamon",
address = "Amsterdam",
pages = "431 - 445",
year = "1995",
isbn = "978-0-08-042580-1",
doi = "https://doi.org/10.1016/B978-0-08-042580-1.50066-0",
url = "http://www.sciencedirect.com/science/article/pii/B9780080425801500660",
author = "W. John Hutchins"
}

@article{Musatafa,
author = {Albadr, Musatafa and Tiun, S. and Al-Dhief, Fahad},
year = {2018},
month = {06},
pages = {3961-3972},
title = {Evaluation of machine translation systems and related procedures},
volume = {13},
journal = {ARPN Journal of Engineering and Applied Sciences}
}

@article{Mohamed,
author = {Mohamed Amine, Cheragui},
year = {2012},
month = {01},
pages = {160-169},
title = {Theoretical overview of machine translation},
volume = {867},
journal = {CEUR Workshop Proceedings}
}